@book{pgaie, 
author= "Mat Buckland", 
title = {Programming Game AI by Example}, 
publisher = "Wordware",
year= 2004, 
} 

@misc{tmrp,
author="Marco Pinter",
title="Toward More Realistic Pathfinding",
howpublished= {\url{https://www.gamasutra.com/view/feature/131505/toward_more_realistic_pathfinding.php}},
note= {Accessed: 2018-03-21},
year=2001,
}